@article{knuth84,
  author = {Knuth, Donald E.},
  title = {Literate Programming},
  year = {1984},
  issue_date = {May 1984},
  publisher = {Oxford University Press, Inc.},
  address = {USA},
  volume = {27},
  number = {2},
  issn = {0010-4620},
  url = {https://doi.org/10.1093/comjnl/27.2.97},
  doi = {10.1093/comjnl/27.2.97},
  journal = {Comput. J.},
  month = may,
  pages = {97â€“111},
  numpages = {15}
}


@misc{2015,
  title = {Bibtex Export - {{Date}} and {{Year}}},
  year = {2015},
  month = apr,
  url = {https://forums.zotero.org/discussion/48645/bibtex-export-date-and-year},
  urldate = {2023-05-08},
  abstract = {Zotero is a powerful, easy-to-use research tool that helps you gather, organize, and analyze sources and then share the results of your research.},
  langid = {english},
  keywords = {web},
  file = {/Users/larsscheiperpeter/Zotero/storage/EEQAAZ9I/bibtex-export-date-and-year.html}
}

@article{Fuller2011,
  title = {Context Driven Process Selection and Integration of Mobile and Pervasive Systems},
  author = {F{\"u}ller, Matthias and N{\"u}{\ss}er, Willi and Rustemeyer, Thomas},
  year = {2012},
  journal = {Pervasive and Mobile Computing},
  volume = {8},
  number = {3},
  pages = {467--482},
  publisher = {{Elsevier B.V.}},
  keywords = {mono}
}

@inproceedings{Hocking2011a,
  title = {A Distributed and Cooperative User Authentication Framework},
  booktitle = {Proceedings of International Conference on Information Assurance and Security ({{IAS}})},
  author = {Hocking, Christopher G. and Furnell, Steven M. and Clarke, Nathan L. and Reynolds, Paul L.},
  year = {2010},
  pages = {304--310},
  keywords = {mag}
}

@misc{Maslennikov2011,
  title = {{{ZeuS-in-the-Mobile}} \textendash{} Facts and Theories},
  author = {Maslennikov, Denis},
  year = {2011},
  url = {https://securelist.com/zeus-in-the-mobile-facts-and-theories/36424/},
  urldate = {2012-12-20},
  keywords = {web}
}

@book{matthes2023,
  title = {Python Crash Course, 3rd Edition: {{A}} Hands-on, Project-Based Introduction to Programming},
  author = {Matthes, Eric},
  year = {2023},
  edition = {3rd edition},
  publisher = {{No Starch Press}},
  address = {{San Francisco}},
  langid = {english}
}

@incollection{mawlood-yunisAndroidSQLiteFirebase2022,
  title = {Android {{SQLite}}, {{Firebase}}, and {{Room Databases}}},
  booktitle = {Android for {{Java Programmers}}},
  author = {{Mawlood-Yunis}, Abdul-Rahman},
  year = {2022},
  pages = {475--530},
  publisher = {{Springer International Publishing}},
  address = {{Cham}},
  doi = {10.1007/978-3-030-87459-9_11},
  urldate = {2023-05-08},
  collaborator = {{Mawlood-Yunis}, Abdul-Rahman},
  isbn = {978-3-030-87458-2 978-3-030-87459-9},
  langid = {english}
}

@book{Meier2010,
  title = {Professional Android 2 Application Development},
  author = {Meier, Reto},
  year = {2010},
  pages = {576},
  publisher = {{Wiley}},
  address = {{Indianapolis, IN, USA}},
  keywords = {mono}
}

@incollection{payneUsingFirebaseFlutter2019,
  title = {Using {{Firebase}} with {{Flutter}}},
  booktitle = {Beginning {{App Development}} with {{Flutter}}},
  author = {Payne, Rap},
  year = {2019},
  pages = {255--285},
  publisher = {{Apress}},
  address = {{Berkeley, CA}},
  doi = {10.1007/978-1-4842-5181-2_12},
  urldate = {2023-05-08},
  collaborator = {Payne, Rap},
  isbn = {978-1-4842-5180-5 978-1-4842-5181-2},
  langid = {english}
}

@misc{MinicondaMinicondaDocumentation,
  title = {Miniconda \textemdash{} Miniconda Documentation},
  url = {https://docs.conda.io/projects/miniconda/en/latest/},
  urldate = {2023-11-16},
  file = {/Users/uli/Zotero/storage/HHAIWMGD/latest.html}
}


@book{
  koflerPythonGrundkurs2018,
  place={Bonn},
  edition={1. Edition},
  title={Python: Der Grundkurs},
  ISBN={978-3-8362-6679-6},
  publisher={Rheinwerk Computing},
  author={Kofler, Michael},
  year={2018},
month={Oct} }
